@article{Wen1988DiffractionBeamField,
  title = {A Diffraction Beam Field Expressed as the Superposition of {{Gaussian}} Beams},
  author = {Wen, J. J. and Breazeale, M. A.},
  year = {1988},
  journal = {J. Acoust. Soc. Am.},
  volume = {83},
  number = {5},
  pages = {1752--1756},
  issn = {0001-4966}
}
